@misc{Lamport05GeneralizeConsensus,
         title = {Generalized Consensus and Paxos},
        author = {Leslie Lamport},
          year = {2005},
  howpublished = {\url{https://research.microsoft.com/en-us/um/people/lamport/pubs/pubs.html\#generalized}},
          note = {Accessed: 2013-10-18}
}

