@article{AbadiLamport91ExistenceRefinementMappings,
         title = {The Existence of Refinement Mappings},
        author = {Mart\'{\i}n Abadi and Leslie Lamport},
       journal = {Theor. Comput. Sci.},
          year = {1991},
        number = {2},
         pages = {253-284},
        volume = {82},
           doi = {10.1016/0304-3975(91)90224-P},
          link = {http://dx.doi.org/10.1016/0304-3975(91)90224-P}
}

@inproceedings{AbdElMalekETAL05FaultscalableByzantineFaulttolerantServices,
         title = {Fault-scalable Byzantine fault-tolerant services},
        author = {Michael Abd-El-Malek and Gregory R. Ganger and Garth R. Goodson and Michael K. Reiter and Jay J. Wylie},
        editor = {Andrew Herbert and Kenneth P. Birman},
     booktitle = {SOSP},
          year = {2005},
         pages = {59-74},
     publisher = {ACM},
           doi = {10.1145/1095810.1095817},
          link = {http://doi.acm.org/10.1145/1095810.1095817}
}

@inproceedings{AguileraETAL07AbortableQueryabortableObjectsTheirEfficientImplementation,
         title = {Abortable and query-abortable objects and their efficient implementation},
        author = {Marcos Kawazoe Aguilera and Svend Fr{\o}lund and Vassos Hadzilacos and Stephanie Lorraine Horn and Sam Toueg},
        editor = {Indranil Gupta and Roger Wattenhofer},
     booktitle = {PODC},
          year = {2007},
         pages = {23-32},
     publisher = {ACM},
           doi = {10.1145/1281100.1281107},
          link = {http://doi.acm.org/10.1145/1281100.1281107}
}

@inproceedings{AlistarhETAL12CostComposingSharedmemoryAlgorithms,
         title = {On the cost of composing shared-memory algorithms},
        author = {Dan Alistarh and Rachid Guerraoui and Petr Kuznetsov and Giuliano Losa},
        editor = {Guy E. Blelloch and Maurice Herlihy},
     booktitle = {SPAA},
          year = {2012},
         pages = {298-307},
     publisher = {ACM},
           doi = {10.1145/2312005.2312057},
          link = {http://doi.acm.org/10.1145/2312005.2312057}
}

@inproceedings{AllenETAL00NuprlOpenLogicalEnvironment,
         title = {The Nuprl Open Logical Environment},
        author = {Stuart F. Allen and Robert L. Constable and Richard Eaton and Christoph Kreitz and Lori Lorigo},
        editor = {David A. McAllester},
     booktitle = {CADE},
          year = {2000},
         pages = {170-176},
     publisher = {Springer},
        series = {LNCS},
        volume = {1831},
           doi = {10.1007/10721959_12},
          link = {http://dx.doi.org/10.1007/10721959_12}
}

@article{AlurHenzinger99ReactiveModules,
         title = {Reactive Modules},
        author = {Rajeev Alur and Thomas A. Henzinger},
       journal = {Formal Methods in System Design},
          year = {1999},
        number = {1},
         pages = {7-48},
        volume = {15},
           doi = {10.1023/A:1008739929481},
          link = {http://dx.doi.org/10.1023/A:1008739929481}
}

@inproceedings{AmitETAL07ComparisonUnderAbstractionVerifyingLinearizability,
         title = {Comparison Under Abstraction for Verifying Linearizability},
        author = {Daphna Amit and Noam Rinetzky and Thomas W. Reps and Mooly Sagiv and Eran Yahav},
        editor = {Werner Damm and Holger Hermanns},
     booktitle = {CAV},
          year = {2007},
         pages = {477-490},
     publisher = {Springer},
        series = {LNCS},
        volume = {4590},
           doi = {10.1007/978-3-540-73368-3_49},
          link = {http://dx.doi.org/10.1007/978-3-540-73368-3_49}
}

@inproceedings{AttieLynch01DynamicInputoutputAutomataFormalModelDynamic,
         title = {Dynamic Input/Output Automata: A Formal Model for Dynamic Systems},
        author = {Paul C. Attie and Nancy A. Lynch},
        editor = {Kim Guldstrand Larsen and Mogens Nielsen},
     booktitle = {CONCUR},
          year = {2001},
         pages = {137-151},
     publisher = {Springer},
        series = {LNCS},
        volume = {2154},
           doi = {10.1007/3-540-44685-0_10},
          link = {http://dx.doi.org/10.1007/3-540-44685-0_10}
}

@inproceedings{BarNoyETAL87ShiftingGearsChangingAlgorithmsFlyTo,
         title = {Shifting Gears: Changing Algorithms on the Fly To Expedite Byzantine Agreement},
        author = {Amotz Bar-Noy and Danny Dolev and Cynthia Dwork and H. Raymond Strong},
        editor = {Fred B. Schneider},
     booktitle = {PODC},
          year = {1987},
         pages = {42-51},
     publisher = {ACM},
           doi = {10.1145/41840.41844},
          link = {http://doi.acm.org/10.1145/41840.41844}
}

@article{BasuETAL11RigorousComponentbasedSystemDesignUsingBip,
         title = {Rigorous Component-Based System Design Using the BIP Framework},
        author = {Ananda Basu and Saddek Bensalem and Marius Bozga and Jacques Combaz and Mohamad Jaber and Thanh-Hung Nguyen and Joseph Sifakis},
       journal = {IEEE Software},
          year = {2011},
        number = {3},
         pages = {41-48},
        volume = {28},
           doi = {10.1109/MS.2011.27},
          link = {http://doi.ieeecomputersociety.org/10.1109/MS.2011.27}
}

@inproceedings{BenOr83AnotherAdvantageFreeChoiceCompletelyAsynchronous,
         title = {Another Advantage of Free Choice: Completely Asynchronous Agreement Protocols (Extended Abstract)},
        author = {Michael Ben{-}Or},
        editor = {Robert L. Probert and Nancy A. Lynch and Nicola Santoro},
     booktitle = {PODC},
          year = {1983},
         pages = {27--30},
     publisher = {{ACM}},
           doi = {10.1145/800221.806707},
          link = {http://doi.acm.org/10.1145/800221.806707}
}

@inproceedings{BickfordETAL01ProvingHybridProtocolsCorrect,
         title = {Proving Hybrid Protocols Correct},
        author = {Mark Bickford and Christoph Kreitz and Robbert van Renesse and Xiaoming Liu},
        editor = {Richard J. Boulton and Paul B. Jackson},
     booktitle = {TPHOLs},
          year = {2001},
         pages = {105-120},
     publisher = {Springer},
        series = {LNCS},
        volume = {2152},
           doi = {10.1007/3-540-44755-5_9},
          link = {http://dx.doi.org/10.1007/3-540-44755-5_9}
}

@article{BirmanJoseph87ReliableCommunicationPresenceFailures,
         title = {Reliable Communication in the Presence of Failures},
        author = {Kenneth P. Birman and Thomas A. Joseph},
       journal = {TOCS},
          year = {1987},
        number = {1},
         pages = {47--76},
        volume = {5},
           doi = {10.1145/7351.7478},
          link = {http://doi.acm.org/10.1145/7351.7478}
}

@book{Bjorner2010LogicsOfSpecificationLanguages,
         title = {Logics of Specification Languages},
        editor = {Bjorner, D. and Henson, M.C.},
          year = {2010},
     publisher = {Springer},
        series = {Monographs in Theoretical Computer Science. An EATCS Series},
          isbn = {9783642093456},
           url = {http://books.google.ch/books?id=QxKmcQAACAAJ}
}

@article{BlanchetteBoehmePaulson13ExtendingSledgehammerSmtSolvers,
         title = {Extending Sledgehammer with SMT Solvers},
        author = {Jasmin Christian Blanchette and Sascha B{\"o}hme and Lawrence C. Paulson},
       journal = {J. Autom. Reasoning},
          year = {2013},
        number = {1},
         pages = {109-128},
        volume = {51},
           doi = {10.1007/s10817-013-9278-5},
          link = {http://dx.doi.org/10.1007/s10817-013-9278-5}
}

@inproceedings{BlanchetteNipkow10NitpickCounterexampleGeneratorHigherorderLogicBased,
         title = {Nitpick: A Counterexample Generator for Higher-Order Logic Based on a Relational Model Finder},
        author = {Jasmin Christian Blanchette and Tobias Nipkow},
        editor = {Matt Kaufmann and Lawrence C. Paulson},
     booktitle = {ITP},
          year = {2010},
         pages = {131-146},
     publisher = {Springer},
        series = {LNCS},
        volume = {6172},
           doi = {10.1007/978-3-642-14052-5_11},
          link = {http://dx.doi.org/10.1007/978-3-642-14052-5_11}
}

@inproceedings{BoehmeNipkow10SledgehammerJudgementDay,
         title = {Sledgehammer: Judgement Day},
        author = {Sascha B{\"o}hme and Tobias Nipkow},
        editor = {J{\"u}rgen Giesl and Reiner H{\"a}hnle},
     booktitle = {IJCAR},
          year = {2010},
         pages = {107-121},
     publisher = {Springer},
        series = {LNCS},
        volume = {6173},
           doi = {10.1007/978-3-642-14203-1_9},
          link = {http://dx.doi.org/10.1007/978-3-642-14203-1_9}
}

@book{Borger2003ASM,
         title = {Abstract state machines: a method for high-level system design and analysis},
        author = {B{\"o}rger, Egon and St{\"a}rk, Robert F},
          year = {2003},
     publisher = {Springer Heidelberg},
        volume = {14}
}

@inproceedings{BougeFrancez88CompositionalApproachToSuperimposition,
         title = {A Compositional Approach to Superimposition},
        author = {Luc Boug{\'e} and Nissim Francez},
        editor = {Jeanne Ferrante and P. Mager},
     booktitle = {POPL},
          year = {1988},
         pages = {240-249},
     publisher = {ACM Press},
           doi = {10.1145/73560.73581},
          link = {http://doi.acm.org/10.1145/73560.73581}
}

@inproceedings{BozgaETAL12ModelingDynamicArchitecturesUsingDybip,
         title = {Modeling Dynamic Architectures Using Dy-BIP},
        author = {Marius Bozga and Mohamad Jaber and Nikolaos Maris and Joseph Sifakis},
        editor = {Thomas Gschwind and Flavio De Paoli and Volker Gruhn and Matthias Book},
     booktitle = {Software Composition},
          year = {2012},
         pages = {1-16},
     publisher = {Springer},
        series = {LNCS},
        volume = {7306},
           doi = {10.1007/978-3-642-30564-1_1},
          link = {http://dx.doi.org/10.1007/978-3-642-30564-1_1}
}

@inproceedings{CamargosSchmidtPedone07MulticoordinatedPaxos,
         title = {Multicoordinated Paxos},
        author = {L{\'a}saro J. Camargos and Rodrigo Schmidt and Fernando Pedone},
        editor = {Indranil Gupta and Roger Wattenhofer},
     booktitle = {PODC},
          year = {2007},
         pages = {316-317},
     publisher = {ACM},
           doi = {10.1145/1281100.1281150},
          link = {http://doi.acm.org/10.1145/1281100.1281150}
}

@techreport{Castro99Correctness,
         title = {A Correctness Proof for a Practical Byzantine-Fault-Tolerant Replication Algorithm},
        author = {Miguel Castro and Barbara Liskov},
          year = {1999},
   institution = {MIT},
        number = {MIT-LCS-TM-590},
          type = {Technical Memo}
}

@article{CastroLiskov02PracticalByzantineFaultToleranceProactiveRecovery,
         title = {Practical byzantine fault tolerance and proactive recovery},
        author = {Miguel Castro and Barbara Liskov},
       journal = {ACM Trans. Comput. Syst.},
          year = {2002},
        number = {4},
         pages = {398-461},
        volume = {20},
           doi = {10.1145/571637.571640},
          link = {http://doi.acm.org/10.1145/571637.571640}
}

@article{ChandraToueg96UnreliableFailureDetectorsReliableDistributedSystems,
         title = {Unreliable Failure Detectors for Reliable Distributed Systems},
        author = {Tushar Deepak Chandra and Sam Toueg},
       journal = {JACM},
          year = {1996},
        number = {2},
         pages = {225--267},
        volume = {43},
           doi = {10.1145/226643.226647},
          link = {http://doi.acm.org/10.1145/226643.226647}
}

@inproceedings{ChangHiltunenSchlichting98AffordableFaultToleranceThroughAdaptation,
         title = {Affordable Fault Tolerance Through Adaptation},
        author = {Ilwoo Chang and Matti A. Hiltunen and Richard D. Schlichting},
     booktitle = {IPPS/SPDP Workshops},
          year = {1998},
         pages = {585-603},
           doi = {10.1007/3-540-64359-1_730},
          link = {http://dx.doi.org/10.1007/3-540-64359-1_730}
}

@article{CharronBostMerz09FormalVerificationConsensusAlgorithmHeardofModel,
         title = {Formal Verification of a Consensus Algorithm in the Heard-Of Model},
        author = {Bernadette Charron-Bost and Stephan Merz},
       journal = {Int. J. Software and Informatics},
          year = {2009},
        number = {2-3},
         pages = {273-303},
        volume = {3},
          link = {http://www.ijsi.org/ch/reader/view_abstract.aspx?file_no=273&amp;flag=1}
}

@article{CharronBostSchiper09HeardofModelComputingDistributedSystemsBenign,
         title = {The Heard-Of model: computing in distributed systems with benign faults},
        author = {Bernadette Charron-Bost and Andr{\'e} Schiper},
       journal = {Distributed Computing},
          year = {2009},
        number = {1},
         pages = {49-71},
        volume = {22},
           doi = {10.1007/s00446-009-0084-6},
          link = {http://dx.doi.org/10.1007/s00446-009-0084-6}
}

@inproceedings{ChenHiltunenSchlichting01ConstructingAdaptiveSoftwareDistributedSystems,
         title = {Constructing Adaptive Software in Distributed Systems},
        author = {Wen-Ke Chen and Matti A. Hiltunen and Richard D. Schlichting},
     booktitle = {ICDCS},
          year = {2001},
         pages = {635-643},
           doi = {10.1109/ICDSC.2001.918994},
          link = {http://doi.ieeecomputersociety.org/10.1109/ICDSC.2001.918994}
}

@inproceedings{ClementETAL09MakingByzantineFaultTolerantSystemsTolerate,
         title = {Making Byzantine Fault Tolerant Systems Tolerate Byzantine Faults},
        author = {Allen Clement and Edmund L. Wong and Lorenzo Alvisi and Michael Dahlin and Mirco Marchetti},
        editor = {Jennifer Rexford and Emin G{\"u}n Sirer},
     booktitle = {NSDI},
          year = {2009},
         pages = {153-168},
     publisher = {USENIX Association},
          link = {http://www.usenix.org/events/nsdi09/tech/full_papers/clement/clement.pdf}
}

@book{Constable1986Implementing,
         title = {Implementing mathematics},
        author = {Constable, RL and Allen, SF and Bromley, HM and Cleaveland, WR and Cremer, JF and Harper, RW and Howe, DJ and Knoblock, TB and Mendler, NP and Panangaden, P and others},
          year = {1986},
     publisher = {Citeseer}
}

@article{CousineauETAL12TlaProofs,
         title = {{TLA+} Proofs},
        author = {Denis Cousineau and Damien Doligez and Leslie Lamport and Stephan Merz and Daniel Ricketts and Hern{\'a}n Vanzetto},
        editor = {Dimitra Giannakopoulou and Dominique M{\'e}ry},
     booktitle = {FM},
       journal = {CoRR},
          year = {2012},
         pages = {147-154},
        volume = {abs/1208.5933},
           doi = {10.1007/978-3-642-32759-9_14},
          link = {http://arxiv.org/abs/1208.5933},
     publisher = {Springer},
        series = {LNCS}
}

@inproceedings{CowlingETAL06HqReplicationHybridQuorumProtocolByzantine,
         title = {HQ Replication: A Hybrid Quorum Protocol for Byzantine Fault Tolerance},
        author = {James A. Cowling and Daniel S. Myers and Barbara Liskov and Rodrigo Rodrigues and Liuba Shrira},
        editor = {Brian N. Bershad and Jeffrey C. Mogul},
     booktitle = {OSDI},
          year = {2006},
         pages = {177-190},
     publisher = {USENIX Association},
          link = {http://www.usenix.org/events/osdi06/tech/cowling.html}
}

@inproceedings{DavidGuerraouiTrigonakis13EverythingYouAlwaysWantedToKnow,
         title = {Everything You Always Wanted to Know About Synchronization but Were Afraid to Ask},
        author = {Tudor David and Rachid Guerraoui and Vasileios Trigonakis},
        editor = {Michael Kaminsky and Mike Dahlin},
     booktitle = {SOSP},
          year = {2013},
         pages = {33-48},
     publisher = {ACM},
           doi = {10.1145/2517349.2522714},
          link = {http://doi.acm.org/10.1145/2517349.2522714}
}

@article{DebratMerz12VerifyingFaulttolerantDistributedAlgorithmsHeardofModel,
         title = {Verifying Fault-Tolerant Distributed Algorithms in the Heard-Of Model},
        author = {Henri Debrat and Stephan Merz},
       journal = {Archive of Formal Proofs},
          year = {2012},
        volume = {2012},
          link = {http://afp.sourceforge.net/entries/Heard_Of.shtml}
}

@inproceedings{DrexlerETAL93KivSystemToolFormalProgramDevelopment,
         title = {The KIV System: A Tool for Formal Program Development},
        author = {Rainer Drexler and Wolfgang Reif and Gerhard Schellhorn and Kurt Stenzel and Werner Stephan and Andreas Wolpers},
        editor = {Patrice Enjalbert and Alain Finkel and Klaus W. Wagner},
     booktitle = {STACS},
          year = {1993},
         pages = {704-705},
     publisher = {Springer},
        series = {LNCS},
        volume = {665},
           doi = {10.1007/3-540-56503-5_69},
          link = {http://dx.doi.org/10.1007/3-540-56503-5_69}
}

@inproceedings{DuanMuzahidTorrellas13WeefenceTowardMakingFencesFreeTso,
         title = {WeeFence: toward making fences free in TSO},
        author = {Yuelu Duan and Abdullah Muzahid and Josep Torrellas},
        editor = {Avi Mendelson},
     booktitle = {ISCA},
          year = {2013},
         pages = {213-224},
     publisher = {ACM},
           doi = {10.1145/2485922.2485941},
          link = {http://doi.acm.org/10.1145/2485922.2485941}
}

@inproceedings{DworkLynchStockmeyer84ConsensusPresencePartialSynchronyPreliminaryVersion,
         title = {Consensus in the Presence of Partial Synchrony (Preliminary Version)},
        author = {Cynthia Dwork and Nancy A. Lynch and Larry J. Stockmeyer},
        editor = {Tiko Kameda and Jayadev Misra and Joseph G. Peters and Nicola Santoro},
     booktitle = {PODC},
          year = {1984},
         pages = {103--118},
     publisher = {{ACM}},
           doi = {10.1145/800222.1599406},
          link = {http://doi.acm.org/10.1145/800222.1599406}
}

@inproceedings{EitanHarel11AdaptiveBehavioralProgramming,
         title = {Adaptive Behavioral Programming},
        author = {Nir Eitan and David Harel},
     booktitle = {ICTAI},
          year = {2011},
         pages = {685-692},
     publisher = {IEEE},
           doi = {10.1109/ICTAI.2011.109},
          link = {http://doi.ieeecomputersociety.org/10.1109/ICTAI.2011.109}
}

@article{ElradFrancez82DecompositionDistributedProgramsIntoCommunicationclosedLayers,
         title = {Decomposition of Distributed Programs into Communication-Closed Layers},
        author = {Tzilla Elrad and Nissim Francez},
       journal = {Sci. Comput. Program.},
          year = {1982},
        number = {3},
         pages = {155-173},
        volume = {2},
           doi = {10.1016/0167-6423(83)90013-8},
          link = {http://dx.doi.org/10.1016/0167-6423(83)90013-8}
}

@inproceedings{EmersonKahlon00ReducingModelCheckingManyToFew,
         title = {Reducing Model Checking of the Many to the Few},
        author = {E. Allen Emerson and Vineet Kahlon},
        editor = {David A. McAllester},
     booktitle = {CADE},
          year = {2000},
         pages = {236-254},
     publisher = {Springer},
        series = {LNCS},
        volume = {1831},
           doi = {10.1007/10721959_19},
          link = {http://dx.doi.org/10.1007/10721959_19}
}

@inproceedings{EmersonKahlon02ModelCheckingLargescaleParameterizedResourceAllocation,
         title = {Model Checking Large-Scale and Parameterized Resource Allocation Systems},
        author = {E. Allen Emerson and Vineet Kahlon},
        editor = {Joost-Pieter Katoen and Perdita Stevens},
     booktitle = {TACAS},
          year = {2002},
         pages = {251-265},
     publisher = {Springer},
        series = {LNCS},
        volume = {2280},
           doi = {10.1007/3-540-46002-0_18},
          link = {http://dx.doi.org/10.1007/3-540-46002-0_18}
}

@inproceedings{EmersonNamjoshi95ReasoningAboutRings,
         title = {Reasoning about Rings},
        author = {E. Allen Emerson and Kedar S. Namjoshi},
        editor = {Ron K. Cytron and Peter Lee},
     booktitle = {POPL},
          year = {1995},
         pages = {85-94},
     publisher = {ACM Press},
           doi = {10.1145/199448.199468},
          link = {http://doi.acm.org/10.1145/199448.199468}
}

@inproceedings{FalerioETAL12GeneralizedLatticeAgreement,
         title = {Generalized lattice agreement},
        author = {Jose M. Falerio and Sriram K. Rajamani and Kaushik Rajan and G. Ramalingam and Kapil Vaswani},
        editor = {Darek Kowalski and Alessandro Panconesi},
     booktitle = {PODC},
          year = {2012},
         pages = {125-134},
     publisher = {ACM},
           doi = {10.1145/2332432.2332458},
          link = {http://doi.acm.org/10.1145/2332432.2332458}
}

@article{FilipovicETAL10AbstractionConcurrentObjects,
         title = {Abstraction for concurrent objects},
        author = {Ivana Filipovic and Peter W. O'Hearn and Noam Rinetzky and Hongseok Yang},
       journal = {Theor. Comput. Sci.},
          year = {2010},
        number = {51-52},
         pages = {4379-4398},
        volume = {411},
           doi = {10.1016/j.tcs.2010.09.021},
          link = {http://dx.doi.org/10.1016/j.tcs.2010.09.021}
}

@inproceedings{FischerLynchPaterson83ImpossibilityDistributedConsensusOneFaultyProcess,
         title = {Impossibility of Distributed Consensus with One Faulty Process},
        author = {Michael J. Fischer and Nancy A. Lynch and Mike Paterson},
        editor = {Ronald Fagin and Philip A. Bernstein},
     booktitle = {PODS},
          year = {1983},
         pages = {1-7},
     publisher = {ACM},
           doi = {10.1145/588058.588060},
          link = {http://doi.acm.org/10.1145/588058.588060}
}

@incollection{GKL2012AbortableLinearizableModules,
         title = {Abortable Linearizable Modules},
        author = {Rachid Guerraoui and Viktor Kuncak and Giuliano Losa},
        editor = {Gerwin Klein and Tobias Nipkow and Lawrence Paulson},
     booktitle = {The Archive of Formal Proofs},
          year = {2012},
         month = {March},
          note = {Formal proof development},
     publisher = {\url{http://afp.sf.net/entries/Abortable_Linearizable_Modules.shtml}}
}

@article{GafniLamport03DiskPaxos,
         title = {Disk Paxos},
        author = {Eli Gafni and Leslie Lamport},
       journal = {Distributed Computing},
          year = {2003},
        number = {1},
         pages = {1-20},
        volume = {16},
           doi = {10.1007/s00446-002-0070-8},
          link = {http://dx.doi.org/10.1007/s00446-002-0070-8}
}

@inproceedings{GarlandGuttag88LpLarchProver,
         title = {LP: The Larch Prover},
        author = {Stephen J. Garland and John V. Guttag},
        editor = {Ewing L. Lusk and Ross A. Overbeek},
     booktitle = {CADE},
          year = {1988},
         pages = {748-749},
     publisher = {Springer},
        series = {LNCS},
        volume = {310},
           doi = {10.1007/BFb0012879},
          link = {http://dx.doi.org/10.1007/BFb0012879}
}

@article{GeorgiouETAL09AutomatedImplementationComplexDistributedAlgorithmsSpecified,
         title = {Automated implementation of complex distributed algorithms specified in the IOA language},
        author = {Chryssis Georgiou and Nancy A. Lynch and Panayiotis Mavrommatis and Joshua A. Tauber},
       journal = {STTT},
          year = {2009},
        number = {2},
         pages = {153-171},
        volume = {11},
           doi = {10.1007/s10009-008-0097-7},
          link = {http://dx.doi.org/10.1007/s10009-008-0097-7}
}

@inproceedings{GuerraouiETAL10Next700BftProtocols,
         title = {The next 700 BFT protocols},
        author = {Rachid Guerraoui and Nikola Knezevic and Vivien Qu{\'e}ma and Marko Vukolic},
        editor = {Christine Morin and Gilles Muller},
     booktitle = {EuroSys},
          year = {2010},
         pages = {363-376},
     publisher = {ACM},
           doi = {10.1145/1755913.1755950},
          link = {http://doi.acm.org/10.1145/1755913.1755950}
}

@inproceedings{GuerraouiKuncakLosa12SpeculativeLinearizability,
         title = {Speculative Linearizability},
        author = {Rachid Guerraoui and Viktor Kuncak and Giuliano Losa},
        editor = {Jan Vitek and Haibo Lin and Frank Tip},
     booktitle = {PLDI},
          year = {2012},
         pages = {55-66},
     publisher = {ACM},
           doi = {10.1145/2254064.2254072},
          link = {http://doi.acm.org/10.1145/2254064.2254072}
}

@article{GuerraouiVukolic10RefinedQuorumSystems,
         title = {Refined quorum systems},
        author = {Rachid Guerraoui and Marko Vukolic},
       journal = {Distributed Computing},
          year = {2010},
        number = {1},
         pages = {1-42},
        volume = {23},
           doi = {10.1007/s00446-010-0103-7},
          link = {http://dx.doi.org/10.1007/s00446-010-0103-7}
}

@article{Harel2012Behavioral,
         title = {Behavioral programming},
        author = {Harel, David and Marron, Assaf and Weiss, Gera},
       journal = {Communications of the ACM},
          year = {2012},
        number = {7},
         pages = {90--100},
        volume = {55},
     publisher = {ACM}
}

@article{Herlihy91WaitfreeSynchronization,
         title = {Wait-Free Synchronization},
        author = {Maurice Herlihy},
       journal = {ACM Trans. Program. Lang. Syst.},
          year = {1991},
        number = {1},
         pages = {124-149},
        volume = {13},
           doi = {10.1145/114005.102808},
          link = {http://doi.acm.org/10.1145/114005.102808}
}

@article{HerlihyWing90LinearizabilityCorrectnessConditionConcurrentObjects,
         title = {Linearizability: A Correctness Condition for Concurrent Objects},
        author = {Maurice Herlihy and Jeannette M. Wing},
       journal = {ACM Trans. Program. Lang. Syst.},
          year = {1990},
        number = {3},
         pages = {463-492},
        volume = {12},
           doi = {10.1145/78969.78972},
          link = {http://doi.acm.org/10.1145/78969.78972}
}

@inproceedings{HiltunenSchlichting94ModelAdaptiveFaulttolerantSystems,
         title = {A Model for Adaptive Fault-Tolerant Systems},
        author = {Matti A. Hiltunen and Richard D. Schlichting},
        editor = {Klaus Echtle and Dieter K. Hammer and David Powell},
     booktitle = {EDCC},
          year = {1994},
         pages = {3-20},
     publisher = {Springer},
        series = {LNCS},
        volume = {852},
           doi = {10.1007/3-540-58426-9_121},
          link = {http://dx.doi.org/10.1007/3-540-58426-9_121}
}

@article{Hoare78CommunicatingSequentialProcesses,
         title = {Communicating Sequential Processes},
        author = {C. A. R. Hoare},
       journal = {Commun. ACM},
          year = {1978},
        number = {8},
         pages = {666-677},
        volume = {21},
           doi = {10.1145/359576.359585},
          link = {http://doi.acm.org/10.1145/359576.359585}
}

@book{Holzmann04SpinModelChecker,
         title = {The SPIN Model Checker - primer and reference manual},
        author = {Gerard J. Holzmann},
          year = {2004},
     publisher = {Addison-Wesley},
         pages = {I-XII, 1-596},
     bibsource = {DBLP, http://dblp.uni-trier.de},
          isbn = {978-0-321-22862-8}
}

@inproceedings{HurfinMoiseNarzul11AdaptiveFastPaxosMakingQuickEverlasting,
         title = {An Adaptive Fast Paxos for Making Quick Everlasting Decisions},
        author = {Michel Hurfin and Izabela Moise and Jean-Pierre Le Narzul},
     booktitle = {AINA},
          year = {2011},
         pages = {208-215},
     publisher = {IEEE Computer Society},
           doi = {10.1109/AINA.2011.73},
          link = {http://dx.doi.org/10.1109/AINA.2011.73}
}

@misc{TLATools,
         title = {TLA$^+$ Tools (web page)},
  howpublished = {\url{http://research.microsoft.com/en-us/um/people/lamport/tla/tools.html}},
          note = {Accessed: 2016-1-6}
}

@misc{IOAWebPage,
         title = {{IOA} Language and Toolset (web page)},
          year = {2003},
  howpublished = {\url{https://groups.csail.mit.edu/tds/ioa/}},
          note = {Accessed: 2013-10-18}
}

@inproceedings{Jayanti03AdaptiveEfficientAbortableMutualExclusion,
         title = {Adaptive and efficient abortable mutual exclusion},
        author = {Prasad Jayanti},
        editor = {Elizabeth Borowsky and Sergio Rajsbaum},
     booktitle = {PODC},
          year = {2003},
         pages = {295-304},
     publisher = {ACM},
           doi = {10.1145/872035.872079},
          link = {http://doi.acm.org/10.1145/872035.872079}
}

@inproceedings{KammuellerWenzelPaulson99LocalesSectioningConceptIsabelle,
         title = {Locales - A Sectioning Concept for Isabelle},
        author = {Florian Kamm{\"u}ller and Markus Wenzel and Lawrence C. Paulson},
        editor = {Yves Bertot and Gilles Dowek and Andr{\'e} Hirschowitz and C. Paulin and Laurent Th{\'e}ry},
     booktitle = {TPHOLs},
          year = {1999},
         pages = {149-166},
     publisher = {Springer},
        series = {LNCS},
        volume = {1690},
           doi = {10.1007/3-540-48256-3_11},
          link = {http://dx.doi.org/10.1007/3-540-48256-3_11}
}

@inproceedings{KarmakarGupta07AdaptiveBroadcastDistributedProtocolSwitching,
         title = {Adaptive broadcast by distributed protocol switching},
        author = {Sushanta Karmakar and Arobinda Gupta},
        editor = {Yookun Cho and Roger L. Wainwright and Hisham Haddad and Sung Y. Shin and Yong Wan Koo},
     booktitle = {SAC},
          year = {2007},
         pages = {588-589},
     publisher = {ACM},
           doi = {10.1145/1244002.1244136},
          link = {http://doi.acm.org/10.1145/1244002.1244136}
}

@article{KotlaETAL09ZyzzyvaSpeculativeByzantineFaultTolerance,
         title = {Zyzzyva: Speculative Byzantine fault tolerance},
        author = {Ramakrishna Kotla and Lorenzo Alvisi and Michael Dahlin and Allen Clement and Edmund L. Wong},
       journal = {ACM Trans. Comput. Syst.},
          year = {2009},
        number = {4},
        volume = {27},
           doi = {10.1145/1658357.1658358},
          link = {http://doi.acm.org/10.1145/1658357.1658358}
}

@book{Lamport02SpecifyingSystems,
         title = {Specifying Systems, The TLA+ Language and Tools for Hardware and Software Engineers},
        author = {Leslie Lamport},
          year = {2002},
     publisher = {Addison-Wesley},
          isbn = {0-3211-4306-X}
}

@misc{Lamport05GeneralizeConsensus,
         title = {Generalized Consensus and Paxos},
        author = {Leslie Lamport},
          year = {2005},
  howpublished = {\url{https://research.microsoft.com/en-us/um/people/lamport/pubs/pubs.html\#generalized}},
          note = {Accessed: 2013-10-18}
}

@article{Lamport06FastPaxos,
         title = {Fast Paxos},
        author = {Leslie Lamport},
       journal = {Distributed Computing},
          year = {2006},
        number = {2},
         pages = {79-103},
        volume = {19},
           doi = {10.1007/s00446-006-0005-x},
          link = {http://dx.doi.org/10.1007/s00446-006-0005-x}
}

@article{Lamport06LowerBoundsAsynchronousConsensus,
         title = {Lower bounds for asynchronous consensus},
        author = {Leslie Lamport},
       journal = {Distributed Computing},
          year = {2006},
        number = {2},
         pages = {104-125},
        volume = {19},
           doi = {10.1007/s00446-006-0155-x},
          link = {http://dx.doi.org/10.1007/s00446-006-0155-x}
}

@inbook{Lamport08TheSpecificationLanguageTLA,
         title = {Logics of Specification Languages},
        author = {Leslie Lamport},
        editor = {Bjorner, D. and Henson, M.C.},
          year = {2010},
       chapter = {{L}eslie {L}amport: The Specification Language {TLA+}},
     publisher = {Springer},
        series = {Monographs in Theoretical Computer Science. An EATCS Series}
}

@inproceedings{Lamport11ByzantizingPaxosRefinement,
         title = {Byzantizing Paxos by Refinement},
        author = {Leslie Lamport},
        editor = {David Peleg},
     booktitle = {DISC},
          year = {2011},
         pages = {211-224},
     publisher = {Springer},
        series = {LNCS},
        volume = {6950},
           doi = {10.1007/978-3-642-24100-0_22},
          link = {http://dx.doi.org/10.1007/978-3-642-24100-0_22}
}

@misc{Lamport13ByzPaxos,
         title = {Mechanically Checked Safety Proof of a Byzantine Paxos Algorithm},
        author = {Leslie Lamport},
          year = {2013},
  howpublished = {\url{https://research.microsoft.com/en-us/um/people/lamport/tla/byzpaxos.html}},
          note = {Accessed: 2013-18-11}
}

@article{Lamport77ProvingCorrectnessMultiprocessPrograms,
         title = {Proving the Correctness of Multiprocess Programs},
        author = {Leslie Lamport},
       journal = {IEEE Trans. Software Eng.},
          year = {1977},
        number = {2},
         pages = {125-143},
        volume = {3},
           doi = {10.1109/TSE.1977.229904},
          link = {http://doi.ieeecomputersociety.org/10.1109/TSE.1977.229904}
}

@article{Lamport78ImplementationReliableDistributedMultiprocessSystems,
         title = {The Implementation of Reliable Distributed Multiprocess Systems},
        author = {Leslie Lamport},
       journal = {Computer Networks},
          year = {1978},
         pages = {95-114},
        volume = {2},
           doi = {10.1016/0376-5075(78)90045-4},
          link = {http://dx.doi.org/10.1016/0376-5075(78)90045-4}
}

@article{Lamport79NewApproachToProvingCorrectnessMultiprocess,
         title = {A New Approach to Proving the Correctness of Multiprocess Programs},
        author = {Leslie Lamport},
       journal = {ACM Trans. Program. Lang. Syst.},
          year = {1979},
        number = {1},
         pages = {84-97},
        volume = {1},
           doi = {10.1145/357062.357068},
          link = {http://doi.acm.org/10.1145/357062.357068}
}

@article{Lamport86InterprocessCommunicationPartIBasicFormalism,
         title = {On Interprocess Communication. Part {I}: Basic Formalism},
        author = {Leslie Lamport},
       journal = {Distributed Computing},
          year = {1986},
        number = {2},
         pages = {77-85},
        volume = {1},
           doi = {10.1007/BF01786227},
          link = {http://dx.doi.org/10.1007/BF01786227}
}

@article{Lamport86InterprocessCommunicationPartIiAlgorithms,
         title = {On Interprocess Communication. Part {II}: Algorithms},
        author = {Leslie Lamport},
       journal = {Distributed Computing},
          year = {1986},
        number = {2},
         pages = {86-101},
        volume = {1},
           doi = {10.1007/BF01786228},
          link = {http://dx.doi.org/10.1007/BF01786228}
}

@article{Lamport94HowToWriteLongFormulaShort,
         title = {How to Write a Long Formula (Short Communication)},
        author = {Leslie Lamport},
       journal = {Formal Asp. Comput.},
          year = {1994},
        number = {5},
         pages = {580-584},
        volume = {6},
           doi = {10.1007/BF01211870},
          link = {http://dx.doi.org/10.1007/BF01211870}
}

@article{Lamport98ParttimeParliament,
         title = {The Part-Time Parliament},
        author = {Leslie Lamport},
       journal = {TOCS},
          year = {1998},
        number = {2},
         pages = {133--169},
        volume = {16},
           doi = {10.1145/279227.279229},
          link = {http://doi.acm.org/10.1145/279227.279229}
}

@inproceedings{LamportMalkhiZhou09VerticalPaxosPrimarybackupReplication,
         title = {Vertical paxos and primary-backup replication},
        author = {Leslie Lamport and Dahlia Malkhi and Lidong Zhou},
        editor = {Srikanta Tirthapura and Lorenzo Alvisi},
     booktitle = {PODC},
          year = {2009},
         pages = {312-313},
     publisher = {ACM},
           doi = {10.1145/1582716.1582783},
          link = {http://doi.acm.org/10.1145/1582716.1582783}
}

@inproceedings{LamportMassa04CheapPaxos,
         title = {Cheap Paxos},
        author = {Leslie Lamport and Mike Massa},
     booktitle = {DSN},
          year = {2004},
         pages = {307-314},
     publisher = {IEEE Computer Society},
           doi = {10.1109/DSN.2004.1311900},
          link = {http://doi.ieeecomputersociety.org/10.1109/DSN.2004.1311900}
}

@article{LamportShostakPease82ByzantineGeneralsProblem,
         title = {The Byzantine Generals Problem},
        author = {Leslie Lamport and Robert E. Shostak and Marshall C. Pease},
       journal = {ACM Trans. Program. Lang. Syst.},
          year = {1982},
        number = {3},
         pages = {382-401},
        volume = {4},
           doi = {10.1145/357172.357176},
          link = {http://doi.acm.org/10.1145/357172.357176}
}

@book{Leavens2000FoundationsComponentBasedSystems,
         title = {Foundations of Component-Based Systems},
        author = {Leavens, G.T. and Sitaraman, M.},
          year = {2000},
     publisher = {Cambridge University Press},
          isbn = {9780521771641},
          lccn = {99049686},
           url = {http://books.google.ch/books?id=KpKzUSKSOzcC}
}

@article{LiskovZilles74ProgrammingAbstractDataTypes,
         title = {Programming with Abstract Data Types},
        author = {Barbara Liskov and Stephen N. Zilles},
       journal = {SIGPLAN Notices},
          year = {1974},
        number = {4},
         pages = {50-59},
        volume = {9},
          link = {}
}

@inproceedings{LosaETAL12CapsuleLanguageSystemSupportEfficientState,
         title = {CAPSULE: language and system support for efficient state sharing in distributed stream processing systems},
        author = {Giuliano Losa and Vibhore Kumar and Henrique Andrade and Bugra Gedik and Martin Hirzel and Robert Soul{\'e} and Kun-Lung Wu},
        editor = {Fran\c{c}ois Bry and Adrian Paschke and Patrick Th. Eugster and Christof Fetzer and Andreas Behrend},
     booktitle = {DEBS},
          year = {2012},
         pages = {268-277},
     publisher = {ACM},
           doi = {10.1145/2335484.2335514},
          link = {http://doi.acm.org/10.1145/2335484.2335514}
}

@inproceedings{LuchangcoMoirShavit03UncontendedComplexityConsensus,
         title = {On the Uncontended Complexity of Consensus},
        author = {Victor Luchangco and Mark Moir and Nir Shavit},
        editor = {Faith Ellen Fich},
     booktitle = {DISC},
          year = {2003},
         pages = {45-59},
     publisher = {Springer},
        series = {LNCS},
        volume = {2848},
           doi = {10.1007/978-3-540-39989-6_4},
          link = {http://dx.doi.org/10.1007/978-3-540-39989-6_4}
}

@book{Lynch96DistributedComputing,
         title = {Distributed Algorithms},
        author = {Nancy A. Lynch},
          year = {1996},
     publisher = {Morgan Kaufmann},
          isbn = {1-55860-348-4}
}

@inproceedings{Lynch99IoAutomatonModelsProofsSharedkeyCommunication,
         title = {I/O Automaton Models and Proofs for Shared-Key Communication Systems},
        author = {Nancy A. Lynch},
     booktitle = {CSFW},
          year = {1999},
         pages = {14-29},
     publisher = {IEEE Computer Society},
           doi = {10.1109/CSFW.1999.779759},
          link = {http://doi.ieeecomputersociety.org/10.1109/CSFW.1999.779759}
}

@article{LynchTuttle89IOA,
         title = {An introduction to input/output automata},
        author = {Nancy A. Lynch and Mark R. Tuttle},
       journal = {CWI Quarterly},
          year = {1989},
         pages = {219--246},
        volume = {2}
}

@article{LynchVaandrager95ForwardBackwardSimulationsIUntimedSystems,
         title = {Forward and Backward Simulations: {I}. Untimed Systems},
        author = {Nancy A. Lynch and Frits W. Vaandrager},
       journal = {Inf. Comput.},
          year = {1995},
        number = {2},
         pages = {214-233},
        volume = {121},
           doi = {10.1006/inco.1995.1134},
          link = {http://dx.doi.org/10.1006/inco.1995.1134}
}

@inproceedings{MaoJunqueiraMarzullo08MenciusBuildingEfficientReplicatedStateMachine,
         title = {Mencius: Building Efficient Replicated State Machine for WANs},
        author = {Yanhua Mao and Flavio Paiva Junqueira and Keith Marzullo},
        editor = {Richard Draves and Robbert van Renesse},
     booktitle = {OSDI},
          year = {2008},
         pages = {369-384},
     publisher = {USENIX Association},
          link = {http://www.usenix.org/events/osdi08/tech/full_papers/mao/mao.pdf}
}

@inproceedings{MarandiETAL10RingPaxosHighthroughputAtomicBroadcastProtocol,
         title = {Ring Paxos: A high-throughput atomic broadcast protocol},
        author = {Parisa Jalili Marandi and Marco Primi and Nicolas Schiper and Fernando Pedone},
     booktitle = {DSN},
          year = {2010},
         pages = {527-536},
     publisher = {IEEE},
           doi = {10.1109/DSN.2010.5544272},
          link = {http://doi.ieeecomputersociety.org/10.1109/DSN.2010.5544272}
}

@inproceedings{MarandiPrimiPedone12MultiringPaxos,
         title = {Multi-Ring Paxos},
        author = {Parisa Jalili Marandi and Marco Primi and Fernando Pedone},
        editor = {Robert S. Swarz and Philip Koopman and Michel Cukier},
     booktitle = {DSN},
          year = {2012},
         pages = {1-12},
     publisher = {IEEE Computer Society},
           doi = {10.1109/DSN.2012.6263916},
          link = {http://doi.ieeecomputersociety.org/10.1109/DSN.2012.6263916}
}

@article{MartinAlvisi06FastByzantineConsensus,
         title = {Fast Byzantine Consensus},
        author = {Jean-Philippe Martin and Lorenzo Alvisi},
       journal = {IEEE Trans. Dependable Sec. Comput.},
          year = {2006},
        number = {3},
         pages = {202-215},
        volume = {3},
           doi = {10.1109/TDSC.2006.35},
          link = {http://doi.ieeecomputersociety.org/10.1109/TDSC.2006.35}
}

@inproceedings{Mazurkiewicz84Semantics,
         title = {Semantics of concurrent systems: a modular fixed-point trace approach},
        author = {Antoni W. Mazurkiewicz},
     booktitle = {European Workshop on Applications and Theory in Petri Nets},
          year = {1984},
         pages = {353-375}
}

@article{McKinleyETAL04ComposingAdaptiveSoftware,
         title = {Composing Adaptive Software},
        author = {Philip K. McKinley and Seyed Masoud Sadjadi and Eric P. Kasten and Betty H. C. Cheng},
       journal = {IEEE Computer},
          year = {2004},
        number = {7},
         pages = {56-64},
        volume = {37},
           doi = {10.1109/MC.2004.48},
          link = {http://doi.ieeecomputersociety.org/10.1109/MC.2004.48}
}

@incollection{Mertz05ProvingDiscPaxos,
         title = {Proving the Correctness of {D}isk {P}axos},
        author = {Mauro Jaskelioff and Stephan Merz},
        editor = {Gerwin Klein and Tobias Nipkow and Lawrence Paulson},
     booktitle = {The Archive of Formal Proofs},
          year = {2005},
         month = {June},
          note = {Formal proof development},
          issn = {2150-914x},
     publisher = {\url{http://afp.sf.net/entries/DiskPaxos.shtml}}
}

@incollection{Merz08TLAPlus,
         title = {The specification language {TLA+}},
        author = {Merz, Stephan},
     booktitle = {Logics of specification languages},
          year = {2008},
         pages = {401--451},
     publisher = {Springer}
}

@inproceedings{Milner01BigraphicalReactiveSystems,
         title = {Bigraphical Reactive Systems},
        author = {Robin Milner},
        editor = {Kim Guldstrand Larsen and Mogens Nielsen},
     booktitle = {CONCUR},
          year = {2001},
         pages = {16-35},
     publisher = {Springer},
        series = {LNCS},
        volume = {2154},
           doi = {10.1007/3-540-44685-0_2},
          link = {http://dx.doi.org/10.1007/3-540-44685-0_2}
}

@article{MilnerParrowWalker92CalculusMobileProcessesI,
         title = {A Calculus of Mobile Processes, I},
        author = {Robin Milner and Joachim Parrow and David Walker},
       journal = {Inf. Comput.},
          year = {1992},
        number = {1},
         pages = {1-40},
        volume = {100},
          link = {}
}

@article{MilnerParrowWalker92CalculusMobileProcessesIi,
         title = {A Calculus of Mobile Processes, II},
        author = {Robin Milner and Joachim Parrow and David Walker},
       journal = {Inf. Comput.},
          year = {1992},
        number = {1},
         pages = {41-77},
        volume = {100},
          link = {}
}

@inproceedings{MocitoRodrigues06RuntimeSwitchingBetweenTotalOrderAlgorithms,
         title = {Run-Time Switching Between Total Order Algorithms},
        author = {Jos{\'e} Mocito and Lu\'{\i}s Rodrigues},
        editor = {Wolfgang E. Nagel and Wolfgang V. Walter and Wolfgang Lehner},
     booktitle = {Euro-Par},
          year = {2006},
         pages = {582-591},
     publisher = {Springer},
        series = {LNCS},
        volume = {4128},
           doi = {10.1007/11823285_60},
          link = {http://dx.doi.org/10.1007/11823285_60}
}

@inproceedings{MoraruAndersenKaminsky13ThereIsMoreConsensusEgalitarianParliaments,
         title = {There is more consensus in Egalitarian parliaments},
        author = {Iulian Moraru and David G. Andersen and Michael Kaminsky},
        editor = {Michael Kaminsky and Mike Dahlin},
     booktitle = {SOSP},
          year = {2013},
         pages = {358-372},
     publisher = {ACM},
           doi = {10.1145/2517349.2517350},
          link = {http://doi.acm.org/10.1145/2517349.2517350}
}

@inproceedings{MuellerNipkow95CombiningModelCheckingDeductionIoautomata,
         title = {Combining Model Checking and Deduction for I/O-Automata},
        author = {Olaf M{\"u}ller and Tobias Nipkow},
        editor = {Ed Brinksma and Rance Cleaveland and Kim Guldstrand Larsen and Tiziana Margaria and Bernhard Steffen},
     booktitle = {TACAS},
          year = {1995},
         pages = {1-16},
     publisher = {Springer},
        series = {LNCS},
        volume = {1019},
           doi = {10.1007/3-540-60630-0_1},
          link = {http://dx.doi.org/10.1007/3-540-60630-0_1}
}

@inproceedings{Muller98IOAAndBeyond,
         title = {I/O Automata and Beyond: Temporal Logic and Abstraction in Isabelle},
        author = {Olaf M{\"u}ller},
     booktitle = {TPHOLs},
          year = {1998},
         pages = {331-348}
}

@book{NipkowPaulsonWenzel02IsabelleHOL,
         title = {Isabelle/HOL - A Proof Assistant for Higher-Order Logic},
        author = {Tobias Nipkow and Lawrence C. Paulson and Markus Wenzel},
          year = {2002},
     publisher = {Springer},
        series = {Lecture Notes in Computer Science},
        volume = {2283},
          isbn = {3-540-43376-7}
}

@inproceedings{NuSMVCAV02,
         title = {{NuSMV Version 2: An OpenSource Tool for Symbolic Model Checking}},
        author = {A. Cimatti and E. Clarke and E. Giunchiglia and F. Giunchiglia and M. Pistore and M. Roveri and R. Sebastiani and A. Tacchella},
     booktitle = {Proc. International Conference on Computer-Aided Verification (CAV 2002)},
          year = {2002},
       address = {Copenhagen, Denmark},
         month = {July},
     publisher = {Springer},
        series = {LNCS},
        volume = {2404}
}

@inproceedings{OHearnETAL10VerifyingLinearizabilityHindsight,
         title = {Verifying linearizability with hindsight},
        author = {Peter W. O'Hearn and Noam Rinetzky and Martin T. Vechev and Eran Yahav and Greta Yorsh},
        editor = {Andr{\'e}a W. Richa and Rachid Guerraoui},
     booktitle = {PODC},
          year = {2010},
         pages = {85-94},
     publisher = {ACM},
           doi = {10.1145/1835698.1835722},
          link = {http://doi.acm.org/10.1145/1835698.1835722}
}

@inproceedings{OkiLiskov88ViewstampedReplicationGeneralPrimaryCopy,
         title = {Viewstamped Replication: {A} General Primary Copy},
        author = {Brian M. Oki and Barbara Liskov},
        editor = {Danny Dolev},
     booktitle = {PODC},
          year = {1988},
         pages = {8--17},
     publisher = {{ACM}},
           doi = {10.1145/62546.62549},
          link = {http://doi.acm.org/10.1145/62546.62549}
}

@inproceedings{OngaroOusterhout14SearchUnderstandableConsensusAlgorithm,
         title = {In Search of an Understandable Consensus Algorithm},
        author = {Diego Ongaro and John K. Ousterhout},
        editor = {Garth Gibson and Nickolai Zeldovich},
     booktitle = {USENIX Annual Technical Conference},
          year = {2014},
         pages = {305--319},
     publisher = {{USENIX} Association},
          link = {http://dblp.uni-trier.de/https://www.usenix.org/conference/atc14/technical-sessions/presentation/ongaro}
}

@article{Oreizy1999Architecture,
         title = {An architecture-based approach to self-adaptive software},
        author = {Oreizy, Peyman and Gorlick, Michael M and Taylor, Richard N and Heimhigner, Dennis and Johnson, Gregory and Medvidovic, Nenad and Quilici, Alex and Rosenblum, David S and Wolf, Alexander L},
       journal = {Intelligent Systems and Their Applications, IEEE},
          year = {1999},
        number = {3},
         pages = {54--62},
        volume = {14},
     publisher = {IEEE}
}

@inproceedings{OreizyMedvidovicTaylor08RuntimeSoftwareAdaptationFrameworkApproachesStyles,
         title = {Runtime software adaptation: framework, approaches, and styles},
        author = {Peyman Oreizy and Nenad Medvidovic and Richard N. Taylor},
        editor = {Wilhelm Sch{\"a}fer and Matthew B. Dwyer and Volker Gruhn},
     booktitle = {ICSE Companion},
          year = {2008},
         pages = {899-910},
     publisher = {ACM},
           doi = {10.1145/1370175.1370181},
          link = {http://doi.acm.org/10.1145/1370175.1370181}
}

@article{Paulson93IsabelleNext700TheoremProvers,
         title = {Isabelle: The Next 700 Theorem Provers},
        author = {Lawrence C. Paulson},
       journal = {CoRR},
          year = {1993},
        volume = {cs.LO/9301106},
          link = {http://arxiv.org/abs/cs.LO/9301106}
}

@article{Paulson99GenericTableauProverItsIntegrationIsabelle,
         title = {A Generic Tableau Prover and its Integration with Isabelle},
        author = {Lawrence C. Paulson},
       journal = {J. UCS},
          year = {1999},
        number = {3},
         pages = {73-87},
        volume = {5},
          link = {http://www.jucs.org/jucs_5_3/a_generic_tableau_prover}
}

@article{Pedone01BoostingSystemPerformanceOptimisticDistributedProtocols,
         title = {Boosting System Performance with Optimistic Distributed Protocols},
        author = {Fernando Pedone},
       journal = {IEEE Computer},
          year = {2001},
        number = {12},
         pages = {80-86},
        volume = {34},
           doi = {10.1109/2.970581},
          link = {http://doi.ieeecomputersociety.org/10.1109/2.970581}
}

@inproceedings{Petri62FundamentalsTheoryAsynchronousInformationFlow,
         title = {Fundamentals of a Theory of Asynchronous Information Flow},
        author = {C. A. Petri},
     booktitle = {IFIP Congress},
          year = {1962},
         pages = {386-390},
          link = {}
}

@article{RenesseETAL98BuildingAdaptiveSystemsUsingEnsemble,
         title = {Building Adaptive Systems Using Ensemble},
        author = {Robbert van Renesse and Kenneth P. Birman and Mark Hayden and Alexey Vaysburd and David A. Karr},
       journal = {Softw., Pract. Exper.},
          year = {1998},
        number = {9},
         pages = {963-979},
        volume = {28},
           doi = {10.1002/(SICI)1097-024X(19980725)28:9<963::AID-SPE179>3.0.CO;2-9},
          link = {http://dx.doi.org/10.1002/(SICI)1097-024X(19980725)28:9&lt;963::AID-SPE179&gt;3.0.CO;2-9}
}

@inproceedings{RenesseSchneider04ChainReplicationSupportingHighThroughputAvailability,
         title = {Chain Replication for Supporting High Throughput and Availability},
        author = {Robbert van Renesse and Fred B. Schneider},
     booktitle = {OSDI},
          year = {2004},
         pages = {91-104},
     publisher = {USENIX Association},
          link = {http://www.usenix.org/events/osdi04/tech/renesse.html}
}

@article{RosaETAL13SelfmanagementAdaptableComponentbasedApplications,
         title = {Self-Management of Adaptable Component-Based Applications},
        author = {Liliana Rosa and Lu\'{\i}s Rodrigues and Ant{\'o}nia Lopes and Matti A. Hiltunen and Richard D. Schlichting},
       journal = {IEEE Trans. Software Eng.},
          year = {2013},
        number = {3},
         pages = {403-421},
        volume = {39},
           doi = {10.1109/TSE.2012.29},
          link = {http://doi.ieeecomputersociety.org/10.1109/TSE.2012.29}
}

@inproceedings{RuettiSchiper08PredicatebasedApproachToDynamicProtocolUpdate,
         title = {A predicate-based approach to dynamic protocol update in group communication},
        author = {Olivier R{\"u}tti and Andr{\'e} Schiper},
     booktitle = {IPDPS},
          year = {2008},
         pages = {1-12},
     publisher = {IEEE},
           doi = {10.1109/IPDPS.2008.4536238},
          link = {http://dx.doi.org/10.1109/IPDPS.2008.4536238}
}

@inproceedings{RuettiWojciechowskiSchiper06StructuralAlgorithmicIssuesDynamicProtocolUpdate,
         title = {Structural and algorithmic issues of dynamic protocol update},
        author = {Olivier R{\"u}tti and Pawel T. Wojciechowski and Andr{\'e} Schiper},
     booktitle = {IPDPS},
          year = {2006},
     publisher = {IEEE},
           doi = {10.1109/IPDPS.2006.1639369},
          link = {http://dx.doi.org/10.1109/IPDPS.2006.1639369}
}

@techreport{SPL,
         title = {SPL Stream Processing Language Specification, IBM Research report RC24897},
        author = {Martin Hirzel and Henrique Andrade and Bugra Gedik and Vibhore Kumar and Giuliano Losa and Mark Mendell and Howard Nasgaard and Robert Soulé and Kun-Lung Wu},
          year = {2009},
   institution = {{IBM}}
}

@inproceedings{SchellhornWehrheimDerrick12HowToProveAlgorithmsLinearisable,
         title = {How to Prove Algorithms Linearisable},
        author = {Gerhard Schellhorn and Heike Wehrheim and John Derrick},
        editor = {P. Madhusudan and Sanjit A. Seshia},
     booktitle = {CAV},
          year = {2012},
         pages = {243-259},
     publisher = {Springer},
        series = {LNCS},
        volume = {7358},
           doi = {10.1007/978-3-642-31424-7_21},
          link = {http://dx.doi.org/10.1007/978-3-642-31424-7_21}
}

@article{Schneider90ImplementingFaulttolerantServicesUsingStateMachine,
         title = {Implementing Fault-Tolerant Services Using the State Machine Approach: A Tutorial},
        author = {Fred B. Schneider},
       journal = {ACM Comput. Surv.},
          year = {1990},
        number = {4},
         pages = {299-319},
        volume = {22},
           doi = {10.1145/98163.98167},
          link = {http://doi.acm.org/10.1145/98163.98167}
}

@inproceedings{SinghETAL08BftProtocolsUnderFire,
         title = {BFT Protocols Under Fire},
        author = {Atul Singh and Tathagata Das and Petros Maniatis and Peter Druschel and Timothy Roscoe},
        editor = {Jon Crowcroft and Michael Dahlin},
     booktitle = {NSDI},
          year = {2008},
         pages = {189-204},
     publisher = {USENIX Association},
          link = {http://www.usenix.org/events/nsdi08/tech/full_papers/singh/singh.pdf}
}

@inbook{StephenLynch00UsingIOA,
         title = {Foundations of Component-Based Systems},
        author = {Stephen J. Garland and Nancy A. Lynch},
          year = {2000},
       chapter = {Using {I/O} automata for developing distributed systems},
     publisher = {Cambridge University Press}
}

@article{Sung2006Wearable,
         title = {Non-invasive wearable sensing systems for continuous health monitoring and long-term behavior modeling},
        author = {Sung, Michael and Adviser-Pentland, Alex P},
          year = {2006},
     publisher = {Massachusetts Institute of Technology}
}

@inproceedings{SutraShapiro11FastGenuineGeneralizedConsensus,
         title = {Fast Genuine Generalized Consensus},
        author = {Pierre Sutra and Marc Shapiro},
     booktitle = {SRDS},
          year = {2011},
         pages = {255--264},
     publisher = {{IEEE} Computer Society},
           doi = {10.1109/SRDS.2011.38},
          link = {http://dx.doi.org/10.1109/SRDS.2011.38}
}

@article{TLA-AFP,
         title = {A Definitional Encoding of TLA* in Isabelle/HOL},
        author = {Gudmund Grov and Stephan Merz},
       journal = {Archive of Formal Proofs},
          year = {2011},
         month = {November},
          note = {\url{http://afp.sf.net/entries/TLA.shtml}, Formal proof development},
          issn = {2150-914x}
}

@inproceedings{TraytelPopescuBlanchette12FoundationalCompositionalCodatatypesHigherorderLogicCategory,
         title = {Foundational, Compositional (Co)datatypes for Higher-Order Logic: Category Theory Applied to Theorem Proving},
        author = {Dmitriy Traytel and Andrei Popescu and Jasmin Christian Blanchette},
     booktitle = {LICS},
          year = {2012},
         pages = {596-605},
     publisher = {IEEE},
           doi = {10.1109/LICS.2012.75},
          link = {http://dx.doi.org/10.1109/LICS.2012.75}
}

@inproceedings{Vafeiadis10AutomaticallyProvingLinearizability,
         title = {Automatically Proving Linearizability},
        author = {Viktor Vafeiadis},
        editor = {Tayssir Touili and Byron Cook and Paul Jackson},
     booktitle = {CAV},
          year = {2010},
         pages = {450-464},
     publisher = {Springer},
        series = {LNCS},
        volume = {6174},
           doi = {10.1007/978-3-642-14295-6_40},
          link = {http://dx.doi.org/10.1007/978-3-642-14295-6_40}
}

@inproceedings{WeiETAL13FastMenciusMenciusLowCommitLatency,
         title = {Fast Mencius: Mencius with low commit latency},
        author = {Wei Wei and Harry Tian Gao and Fengyuan Xu and Qun Li},
     booktitle = {INFOCOM},
          year = {2013},
         pages = {881-889},
     publisher = {IEEE},
           doi = {10.1109/INFCOM.2013.6566876},
          link = {http://dx.doi.org/10.1109/INFCOM.2013.6566876}
}

@inproceedings{Wenzel99IsarGenericInterpretativeApproachToReadable,
         title = {Isar - A Generic Interpretative Approach to Readable Formal Proof Documents},
        author = {Markus Wenzel},
        editor = {Yves Bertot and Gilles Dowek and Andr{\'e} Hirschowitz and C. Paulin and Laurent Th{\'e}ry},
     booktitle = {TPHOLs},
          year = {1999},
         pages = {167-184},
     publisher = {Springer},
        series = {LNCS},
        volume = {1690},
           doi = {10.1007/3-540-48256-3_12},
          link = {http://dx.doi.org/10.1007/3-540-48256-3_12}
}

@article{WinETAL04UsingSimulatedExecutionVerifyingDistributedAlgorithms,
         title = {Using simulated execution in verifying distributed algorithms},
        author = {Toh Ne Win and Michael D. Ernst and Stephen J. Garland and Dilsun Kirli Kaynar and Nancy A. Lynch},
       journal = {STTT},
          year = {2004},
        number = {1},
         pages = {67-76},
        volume = {6},
           doi = {10.1007/s10009-003-0126-5},
          link = {http://dx.doi.org/10.1007/s10009-003-0126-5}
}

@inproceedings{WojciechowskiRuetti05CorrectnessDynamicProtocolUpdate,
         title = {On Correctness of Dynamic Protocol Update},
        author = {Pawel T. Wojciechowski and Olivier R{\"u}tti},
        editor = {Martin Steffen and Gianluigi Zavattaro},
     booktitle = {FMOODS},
          year = {2005},
         pages = {275-289},
     publisher = {Springer},
        series = {LNCS},
        volume = {3535},
           doi = {10.1007/11494881_18},
          link = {http://dx.doi.org/10.1007/11494881_18}
}

@inproceedings{YuManoliosLamport99ModelCheckingTlaSpecifications,
         title = {Model Checking TLA$^{\mbox{+}}$ Specifications},
        author = {Yuan Yu and Panagiotis Manolios and Leslie Lamport},
        editor = {Laurence Pierre and Thomas Kropf},
     booktitle = {CHARME},
          year = {1999},
         pages = {54-66},
     publisher = {Springer},
        series = {LNCS},
        volume = {1703},
           doi = {10.1007/3-540-48153-2_6},
          link = {http://dx.doi.org/10.1007/3-540-48153-2_6}
}

@techreport{cachin2009yet,
         title = {Yet another visit to Paxos},
        author = {Cachin, Christian},
          year = {2009}
}

@inproceedings{hurd2003d,
         title = {First-Order Proof Tactics in Higher-Order Logic Theorem Provers},
        author = {Joe Hurd},
        editor = {Myla Archer and Ben Di Vito and C{\'{e}}sar Mu{\~{n}}oz},
     booktitle = {Design and Application of Strategies/Tactics in Higher Order Logics (STRATA 2003)},
          year = {2003},
           key = {STRATA-2003},
         month = {September},
        number = {NASA/CP-2003-212448},
         pages = {56--68},
        series = {{NASA} Technical Reports},
           url = {http://www.gilith.com/research/papers}
}

@article{lamport2001paxos,
         title = {Paxos made simple},
        author = {Lamport, Leslie},
       journal = {ACM Sigact News},
          year = {2001},
        number = {4},
         pages = {18--25},
        volume = {32}
}

@techreport{strata2003,
         title = {Design and Application of Strategies/Tactics in Higher Order Logics (STRATA 2003)},
        author = {Myla Archer and Ben Di Vito and C{\'{e}}sar Mu{\~{n}}oz},
        editor = {Myla Archer and Ben Di Vito and C{\'{e}}sar Mu{\~{n}}oz},
     booktitle = {Design and Application of Strategies/Tactics in Higher Order Logics (STRATA 2003)},
          year = {2003},
   institution = {{NASA}},
           key = {STRATA-2003},
         month = {September},
        number = {NASA/CP-2003-212448},
        series = {{NASA} Technical Reports},
           url = {http://techreports.larc.nasa.gov/ltrs/PDF/2003/cp/NASA-2003-cp212448.pdf}
}

